<record><leader>00000cas a2200000 a 4500</leader><controlfield tag="001">2263835</controlfield><controlfield tag="008">760620d18201848riucr ne      0    0eng c</controlfield><datafield ind1=" " ind2=" " tag="010"><subfield code="a">sn 83021613 </subfield></datafield><datafield ind1=" " ind2=" " tag="040"><subfield code="a">PIT</subfield><subfield code="b">eng</subfield><subfield code="c">PIT</subfield><subfield code="d">OCL</subfield><subfield code="d">NPX</subfield><subfield code="d">OCL</subfield><subfield code="d">DLC</subfield><subfield code="d">NPA</subfield><subfield code="d">DLC</subfield><subfield code="d">OCL</subfield><subfield code="d">DLC</subfield><subfield code="d">NPH</subfield><subfield code="d">DLC</subfield><subfield code="d">YOX</subfield><subfield code="d">ANU</subfield><subfield code="d">RHN</subfield><subfield code="d">KNP</subfield><subfield code="d">CNW</subfield><subfield code="d">FUG</subfield><subfield code="d">TGN</subfield><subfield code="d">OBN</subfield><subfield code="d">OCL</subfield><subfield code="d">CVF</subfield><subfield code="d">NYS</subfield><subfield code="d">KRTAS</subfield><subfield code="d">DLC</subfield><subfield code="d">OCLCQ</subfield><subfield code="d">OCLCA</subfield><subfield code="d">OCLCF</subfield></datafield><datafield ind1=" " ind2=" " tag="019"><subfield code="a">10257904</subfield><subfield code="a">10257940</subfield><subfield code="a">10257984</subfield><subfield code="a">10258019</subfield><subfield code="a">10258049</subfield><subfield code="a">10258067</subfield></datafield><datafield ind1=" " ind2=" " tag="042"><subfield code="a">pcc</subfield></datafield><datafield ind1=" " ind2=" " tag="043"><subfield code="a">n-us-ri</subfield></datafield><datafield ind1="0" ind2="0" tag="050"><subfield code="a">Newspaper</subfield></datafield><datafield ind1="0" ind2="0" tag="245"><subfield code="a">Manufacturers' &amp; farmers' journal, Providence and Pawtucket advertiser.</subfield></datafield><datafield ind1="3" ind2="0" tag="246"><subfield code="a">Manufacturers' and farmers' journal, Providence and Pawtucket advertiser</subfield></datafield><datafield ind1="3" ind2="0" tag="246"><subfield code="a">Manufacturers' and farmers' journal, and Providence and Pawtucket advertiser</subfield></datafield><datafield ind1="3" ind2="0" tag="246"><subfield code="a">Manufacturers &amp; farmers journal, and Providence and Pawtucket advertiser</subfield></datafield><datafield ind1="1" ind2="3" tag="246"><subfield code="a">Providence journal</subfield></datafield><datafield ind1=" " ind2=" " tag="260"><subfield code="a">Providence, R.I. :</subfield><subfield code="b">Miller &amp; Hutchens,</subfield><subfield code="c">1820-1848.</subfield></datafield><datafield ind1=" " ind2=" " tag="300"><subfield code="a">v. ;</subfield><subfield code="c">49-55 cm.</subfield></datafield><datafield ind1=" " ind2=" " tag="310"><subfield code="a">Semiweekly</subfield></datafield><datafield ind1="0" ind2=" " tag="362"><subfield code="a">Vol. 1, no. 1 (Jan. 3, 1820)-v. 27, no. 34 (Apr. 27, 1848).</subfield></datafield><datafield ind1=" " ind2=" " tag="500"><subfield code="a">Publisher: John Miller, &lt;Jan. 12, 1829&gt;-</subfield></datafield><datafield ind1=" " ind2=" " tag="530"><subfield code="a">Available on microfilm from Readex Microprint Corp. as part of the Early American newspapers series.</subfield></datafield><datafield ind1=" " ind2=" " tag="580"><subfield code="a">Weekly eds.: Independent inquirer and Rhode-Island journal, 1827-1830; Rhode-Island country journal, and independent inquirer, 1830-1848.</subfield></datafield><datafield ind1=" " ind2=" " tag="580"><subfield code="a">Daily eds.: Providence daily journal, and general advertiser, 1829-1830; Providence daily journal, 1830-1848.</subfield></datafield><datafield ind1=" " ind2="0" tag="651"><subfield code="a">Providence (R.I.)</subfield><subfield code="v">Newspapers.</subfield></datafield><datafield ind1=" " ind2="0" tag="651"><subfield code="a">Providence County (R.I.)</subfield><subfield code="v">Newspapers.</subfield></datafield><datafield ind1=" " ind2="7" tag="655"><subfield code="a">Newspapers.</subfield><subfield code="2">fast</subfield><subfield code="0">(OCoLC)fst01423814</subfield></datafield><datafield ind1=" " ind2="7" tag="651"><subfield code="a">Rhode Island</subfield><subfield code="z">Providence.</subfield><subfield code="2">fast</subfield><subfield code="0">(OCoLC)fst01204977</subfield></datafield><datafield ind1=" " ind2="7" tag="651"><subfield code="a">Rhode Island</subfield><subfield code="z">Providence County.</subfield><subfield code="2">fast</subfield><subfield code="0">(OCoLC)fst01211868</subfield></datafield><datafield ind1=" " ind2=" " tag="752"><subfield code="a">United States</subfield><subfield code="b">Rhode Island</subfield><subfield code="c">Providence</subfield><subfield code="d">Providence.</subfield></datafield><datafield ind1="1" ind2=" " tag="775"><subfield code="t">Independent inquirer and Rhode-Island journal</subfield><subfield code="w">(DLC)sn 83021407</subfield><subfield code="w">(OCoLC)10257465</subfield></datafield><datafield ind1="1" ind2=" " tag="775"><subfield code="t">Rhode-Island country journal, and independent inquirer</subfield><subfield code="w">(DLC)sn 83021408</subfield><subfield code="w">(OCoLC)2267191</subfield></datafield><datafield ind1="1" ind2=" " tag="775"><subfield code="t">Providence daily journal, and general advertiser</subfield><subfield code="w">(DLC)sn 83021630</subfield><subfield code="w">(OCoLC)10258162</subfield></datafield><datafield ind1="1" ind2=" " tag="775"><subfield code="t">Providence daily journal</subfield><subfield code="w">(DLC)sn 83021631</subfield><subfield code="w">(OCoLC)2266552</subfield></datafield><datafield ind1="0" ind2="0" tag="785"><subfield code="t">Manufacturers and farmers journal</subfield><subfield code="w">(DLC)sn 83021620</subfield><subfield code="w">(OCoLC)10258084</subfield></datafield><datafield ind1=" " ind2=" " tag="938"><subfield code="a">Kirtas Technologies, Inc.</subfield><subfield code="b">KRTS</subfield><subfield code="n">735633</subfield></datafield></record>